@book{klepkolen,
       author = {Daniel Kleppner and Robert Kolenkow},
       year = {1973},
       title = {An Introduction To Mechanics},
       publisher = {McGraw-Hill},
     }
     
@book{wikibook,
	author = {Miscellaneous},
	year={2008},
	title = {LaTeX from Wikibooks},
	publisher= {Wikibooks},
	}
	
@book{box2dman,
	author = {Eric Catto},
	title = {Box2D Operational Manual},
	year={2005},
	publisher= {Box2D},
	}
